@Misc{2025-iticse-kulindala-et-al-control-traces,
  author    = {Gnaneswar Kulindala and Anushka Srikanth and Venkatesh Choppella},
  ALTeditor    = {},
  title 	   = {Control Traces: An Approach to Representing Control-Flow in Simplified Python Programs},
  year 	   = {2025},
  date 	   = {2025-06-30},
  OPTkey 	   = {},
  OPTsubtitle  = {},
  OPTtitleaddon = {},
  OPTlanguage  = {},
  howpublished = {To be presented at the 30th annual ACM conference on Innovation and Technology in Computer Science Education (ITiCSE)},
  OPTtype 	   = {},
  OPTversion   = {},
  OPTnote 	   = {},
  OPTorganization = {},
  location  = {Nijmegen, the Netherlands},
  OPTdate 	   = {},
  month 	   = {6},
  OPTyear 	   = {},
  OPTaddendum  = {},
  OPTpubstate  = {},
  OPTdoi 	   = {},
  OPTeprint    = {},
  OPTeprintclass = {},
  OPTeprinttype = {},
  OPTurl 	   = {},
  OPTurldate   = {},
  keywords  = {accepted, cs-ed},
  OPTfile 	   = {}
}

