



@Misc{student-feedback,
  keywords = {misc, teaching},
  ALTauthor = 	 {},
  ALTeditor = 	 {},
  title = 		 {Student Feedback},
  year = 	 {2020},
  ALTdate = 	 {},
  OPTkey = 		 {},
  OPTsubtitle =  {},
  OPTtitleaddon = {},
  OPTlanguage =  {},
  OPThowpublished = {},
  OPTtype = 	 {},
  OPTversion = 	 {},
  OPTnote = 	 {},
  OPTorganization = {},
  OPTlocation =  {},
  OPTdate = 	 {},
  OPTmonth = 	 {},
  OPTyear = 	 {},
  OPTaddendum =  {},
  OPTpubstate =  {},
  OPTdoi = 		 {},
  OPTeprint = 	 {},
  OPTeprintclass = {},
  OPTeprinttype = {},
  url = 		 {https://iiit.ac.in/~vxc/teaching/course-feedback.pdf},
  OPTurldate = 	 {},
  OPTannote = 	 {}
}



@Misc{2020-outreach-impact,
  keywords = {misc, vlabs},
  ALTauthor = 	 {},
  ALTeditor = 	 {},
  title = 		 {Virtual Labs IIITH: Outreach impact},
  year = 	 {2020},
  ALTdate = 	 {},
  OPTkey = 		 {},
  OPTsubtitle =  {},
  OPTtitleaddon = {},
  OPTlanguage =  {},
  OPThowpublished = {},
  OPTtype = 	 {},
  OPTversion = 	 {},
  OPTnote = 	 {},
  OPTorganization = {},
  OPTlocation =  {},
  OPTdate = 	 {},
  OPTmonth = 	 {},
  OPTyear = 	 {},
  OPTaddendum =  {},
  pubstate =  {Virtual labs internal report},
  OPTdoi = 		 {},
  OPTeprint = 	 {},
  OPTeprintclass = {},
  OPTeprinttype = {},
  url = 		 {https://drive.google.com/file/d/14BY3t2vbuBKEBt1yC5b4Zwpdmf5SICoR/view},
  OPTurldate = 	 {},
  OPTannote = 	 {}
}

