@Misc{2018-corp-discussion,
  keywords = {},
  author = 	 {Artur Janc},
  ALTeditor = 	 {},
  title = 		 {{Re: Formal Model of Malicious Cross Origin Requests Mitigation using CORP (was: A primer on cross-origin information leaks}},
  ALTyear = 	 {},
  date = 	 {2018-05-24},
  OPTkey = 		 {},
  OPTsubtitle =  {},
  OPTtitleaddon = {},
  OPTlanguage =  {},
  howpublished = {Discussion on \texttt{lists.w3.org}},
  OPTtype = 	 {},
  OPTversion = 	 {},
  OPTnote = 	 {},
  organization = {W3C},
  OPTlocation =  {},
  OPTdate = 	 {},
  OPTmonth = 	 {},
  OPTyear = 	 {},
  OPTaddendum =  {},
  OPTpubstate =  {},
  OPTdoi = 		 {},
  OPTeprint = 	 {},
  OPTeprintclass = {},
  OPTeprinttype = {},
  url = 		 {https://lists.w3.org/Archives/Public/public-webappsec/2018May/0020.html},
  OPTurldate = 	 {},
  OPTannote = 	 {}
}

