@Patent{1999-aop-patent,
 keywords={aop, patent},
 author = 	 {Cristina Lopes and Gregor Kiczales and John Lamping and
                  Erik Hilsdale and Venkatesh Choppella and Taher
                  Haveliwala},
  title = {{A}spect-{O}riented {S}ystem {M}onitoring and {T}racing},
  number = 		 {09/357,508},
  year = 	 {1999},
  ALTdate = 	 {},
  OPTkey = 		 {},
  OPTholder = 	 {},
  OPTsubtitle =  {},
  OPTtitleaddon = {},
  OPTtype = 	 {},
  OPTversion = 	 {},
  location =  {United States},
  note ={Awarded April 2002},
  OPTmonth = 	 {},
  OPTyear = 	 {},
  OPTaddendum =  {},
  OPTpubstate =  {},
  OPTdoi = 		 {},
  OPTeprint = 	 {},
  OPTeprintclass = {},
  OPTeprinttype = {},
  url = 		 {http://www.patentstorm.us/patents/6473895.html},
  OPTurldate = 	 {},
  OPTannote = 	 {}
}


@Patent{2024-remote-experiment-patent,
 keywords={computer vision, remote experiment, system,patent},
 author = 	 {Sachin Chaudhari and Venkatesh Choppella and Om Rajendra
                  Kathalkar and Kandala Savitha Viswanadh and Nitin
                  Nilesh},
  title = {System and method for implementing an experiment remotely
                  and determining an output using a computer vision
                  model},
  number = 		 {},
  year = 	 {2024},
  ALTdate = 	 {},
  OPTkey = 		 {},
  OPTholder = 	 {},
  OPTsubtitle =  {},
  OPTtitleaddon = {},
  OPTtype = 	 {},
  OPTversion = 	 {},
  location =  {United States},
  note ={Filed},
  OPTmonth = 	 {},
  OPTyear = 	 {},
  OPTaddendum =  {},
  OPTpubstate =  {},
  OPTdoi = 		 {},
  OPTeprint = 	 {},
  OPTeprintclass = {},
  OPTeprinttype = {},
  url = 		 {https://patentcenter.uspto.gov/applications/18241852},
  urldate = 	 {2025-06-21},
  annote = 	 {Application No. 18/241,852}
}
