@Misc{2019-europar,
  keywords = {rejected, model-checking, actors, safety, formal-methods},
  author = 	 {Adhish Singla, Yuvraj Singh, Suresh Purini and Venkatesh Choppella},
  ALTeditor = 	 {},
  title = 		 {Actor based Distributed Asynchronous Safety Verification in Explicit State Model Checking},
  year = 	 {2019},
  ALTdate = 	 {},
  OPTkey = 		 {},
  OPTsubtitle =  {},
  OPTtitleaddon = {},
  OPTlanguage =  {},
  howpublished = {Submitted to Europar 2019},
  OPTtype = 	 {},
  OPTversion = 	 {},
  note = 	 {Rejected.},
  OPTorganization = {},
  OPTlocation =  {},
  OPTdate = 	 {},
  OPTmonth = 	 {},
  OPTyear = 	 {},
  OPTaddendum =  {},
  OPTpubstate =  {},
  OPTdoi = 		 {},
  OPTeprint = 	 {},
  OPTeprintclass = {},
  OPTeprinttype = {},
  OPTurl = 		 {},
  OPTurldate = 	 {},
  OPTannote = 	 {}
}


@Misc{2020-iticse,
  keywords = {rejected, algodynamics, cs-ed, algorithms, pedagogy},
  author = 	 {Venkatesh Choppella and Viswanath Kasturi and Mrityunjay
                  Kumar and Ojas Mohril},
  ALTeditor = 	 {},
  title = 		 {Algodynamics: Teaching the Design of Algorithms using
Interactive Transition Systems},
  year = 	 {2020},
  ALTdate = 	 {},
  OPTkey = 		 {},
  OPTsubtitle =  {},
  OPTtitleaddon = {},
  OPTlanguage =  {},
  howpublished = {Submitted to ACM Conference on Innovation and
                  Technology in Computer Science Education (ITiCSE
                  2020)},
  OPTtype = 	 {},
  OPTversion = 	 {},
  note = 	 {Rejected.},
  OPTorganization = {},
  OPTlocation =  {},
  OPTdate = 	 {},
  OPTmonth = 	 {},
  OPTyear = 	 {},
  OPTaddendum =  {},
  OPTpubstate =  {},
  OPTdoi = 		 {},
  OPTeprint = 	 {},
  OPTeprintclass = {},
  OPTeprinttype = {},
  OPTurl = 		 {},
  OPTurldate = 	 {},
  OPTannote = 	 {}
}

