
@Misc{pantoto-google,
  OPTkey = 	 {},
  OPTauthor = 	 {},
  title = 	 {Pantoto-Lite: Open source content and information management system},
  OPThowpublished = {\url{http://code.google.com/p/pantoto-lite}},
  OPTmonth = 	 {},
  year = 	 {2009},
  OPTnote = 	 {},
  OPTannote = 	 {}
}

@Misc{tvm-city-portal-2005,
  OPTkey = 	 {},
  OPTauthor = 	 {},
  title = 	 {Trivandrum City Police Portal for Community Interaction},
  howpublished = {\url{http://www.tvmcitypolice.org}},
  OPTmonth = 	 {},
  OPTyear = 	 {},
  note = 	 {Manthan Award Second Prize in the E-Governance category, 2005},
  OPTannote = 	 {}
}

@MastersThesis{joseph-2008,
  author = 	 {Alice Joseph},
  title = 	 {Automatic Generation of Formal Specifications of  Entity-Relationship Diagrams},
  school = 	 {Vellore Institute of Technology},
  year = 	 {2008},
  OPTkey = 	 {},
  OPTtype = 	 {},
  OPTaddress = 	 {},
  OPTmonth = 	 {},
  note = 	 {Forthcoming},
  OPTannote = 	 {}
}


@Misc{networks-iiitmk-mailing-list,
  OPTkey = 	 {},
  OPTauthor = 	 {},
  title = 	 {{IIITM-K} networks mailing list},
  howpublished = {\url{https://mail.iiitmk.ac.in/mailman/listinfo/networks-iiitmk}},
  OPTmonth = 	 {},
  OPTyear = 	 {},
  note = 	 {Visited May 2008},
  OPTannote = 	 {}
}

@MastersThesis{pratap-2007,
  author = 	 {Anju Pratap},
  title = 	 {Detecting system break-ins by comparing correlated frequency matrices},
  school = 	 {Alagappa University},
  year = 	 {2007},
  OPTkey = 	 {},
  OPTtype = 	 {},
  OPTaddress = 	 {},
  OPTmonth = 	 {},
  OPTnote = 	 {},
  OPTannote = 	 {}
}

@MastersThesis{sam-soman-2007,
  author = 	 {Nithya Sam and Vimi Soman},
  title = 	 {Modelling Point Mutations in E-Coli Gene and their effect on
fitness over successive generations.},
  school = 	 {IIITM-K},
  year = 	 {2007},
  OPTkey = 	 {},
  OPTtype = 	 {},
  OPTaddress = 	 {},
  OPTmonth = 	 {},
  OPTnote = 	 {},
  OPTannote = 	 {}
}

@Misc{indo-swiss-ipp-2008,
  author = 	 {K.~R.~Srivathsan and Venkatesh Choppella and Andreas Auer and Uwe Serdult},
  title = 	 {Citizen Empowerment through {ICT} -- A new approach through Academic Collaboration},
  OPTkey = 	 {},
  month = 	 {March},
  year = 	 {2008},
  note = {Proposal submitted to the Indo-Swiss Joint
  Research Programme for institutional partnership  between IIITM-K and
  the Centre for Direct Democracy, University of Zurich},
  OPTannote = 	 {},
  pdf  =         {../proposals/2008-indo-swiss-ipp.pdf}
}

@Misc{indo-swiss-jrp-2008,
  author = 	 {K.~R.~Srivathsan and Venkatesh Choppella and Andreas Auer and Fernando Mendez and Thomaskutty Sebastian},
  title = 	 {Direct Democracy at the micro-level in India: The Design and Implementation of a Civic Participation Platform},
  OPTkey = 	 {},
  OPTtype = 	 {},
  OPTnumber = 	 {},
  OPTaddress = 	 {},
  month = 	 {March},
  year = 	 {2008},
  note = 	 {Research proposal submitted to the Indo-Swiss Joint Research Programme},
  OPTannote = 	 {},
  pdf  =         {../proposals/2008-indo-swiss-jrp.pdf}
}



@Misc{bradford-choppella-2008,
  OPTkey = 	 {},
  author = 	 {Philip G. Bradford and Venkatesh Choppella},
  title = 	 {Fast {D}yck and semi-{D}yck constrained shortest paths on {DAGS}},
  howpublished = {Submitted to the {INFORMS} Journal of Computing},
  month = 	 {April},
  year = 	 {2008},
  OPTnote = 	 {},
  OPTannote = 	 {}
}

@Misc{iiitmk-course-reviews,
  OPTkey = 	 {},
  OPTauthor = 	 {},
  title = 	 {Student reviews of courses taught at {IIITM-K}},
  OPThowpublished = {},
  OPTmonth = 	 {},
  year = 	 {2007},
  OPTnote = 	 {},
  OPTannote = 	 {},
  pdf = {../reviews/iiitmk-teaching-reviews.pdf},
  abstract = {These are student reviews of courses taught by Venkatesh Choppella during AY 2006-2007 and AY 2007-2008. }
}

@Misc{Choppella-et-al-var-free-tce-in-preparation,
  OPTkey = 	 {},
  author = 	 {Venkatesh Choppella and Atanas Rountev and Gerald Baumgartner and P. Sadayappan},
  title = 	 {Variable-free canonical forms for Tensor Contraction Expressions},
  howpublished = {Under preparation},
  OPTmonth = 	 {},
  year = 	 {2008},
  OPTnote = 	 {},
  OPTannote = 	 {}
}

@Book{kleppe-et-al-mda-explained-2003,
  author = 	 {Anneke Kleppe and Jos Warmer and Wim Bast},
  ALTeditor = 	 {},
  title = 	 {{MDA} Explained.  The model driven architecture: practice and promise},
  publisher = 	 {Addison-Wesley},
  year = 	 {2003},
  OPTkey = 	 {},
  OPTvolume = 	 {},
  OPTnumber = 	 {},
  series = 	 {Object Technology Series},
  OPTaddress = 	 {},
  OPTedition = 	 {},
  OPTmonth = 	 {},
  OPTnote = 	 {},
  OPTannote = 	 {}
}


@Article{Srividhya-Gopinathan-jtb-2006,
  author = 	 {J Srividhya and  M. S.  Gopinathan},
  title = 	 {A simple time delay model for eukaryotic cell cycle},
  journal = 	 {Journal of {T}heoretical {B}iology},
  year = 	 {2006},
  OPTkey = 	 {},
  volume = 	 {241},
  number = 	 {33},
  pages = 	 {617-627},
  OPTmonth = 	 {},
  note = 	 {Elsevier},
  OPTannote = 	 {}
}

@InCollection{Regev-Shapiro-pi-calulus-modeling-chapter-2004,
  author = 	 {Aviv Regev and Ehud Shapiro},
  title = 	 {The $\pi$-calulus as an abstraction for biomolecular systems},
  booktitle = 	 {Modelling in Molecular Biology},
  OPTcrossref =  {},
  OPTkey = 	 {},
  pages = 	 {219-266},
  publisher = {Springer},
  year = 	 {2004},
  editor = 	 {Gabriel Clobanu and Grzegorz Rozenberg},
  OPTvolume = 	 {},
  OPTnumber = 	 {},
  OPTseries = 	 {},
  OPTtype = 	 {},
  OPTchapter = 	 {},
  OPTaddress = 	 {},
  OPTedition = 	 {},
  OPTmonth = 	 {},
  OPTnote = 	 {},
  OPTannote = 	 {}
}

@Article{Krishnamurthi-et-al-plt-web-server-hosc-2007,
  author = 	 {Shriram Krishnamurthi and Peter Walton Hopkins and Jay McCarthy and Paul T. Graunke and Greg Pettyjohn and Matthias Felleisen},
  title = 	 {Implementation and use of the {PLT} scheme web server},
  journal = 	 {Higher {O}rder and Symbolic Computation},
  year = 	 {2007},
  OPTkey = 	 {},
  volume = 	 {20},
  number = 	 {4},
  pages = 	 {431-460},
  month = 	 {December},
  OPTnote = 	 {},
  OPTannote = 	 {}
}

@Misc{ada-proposal-2007,
  author = 	 {Venkatesh Choppella and K.~R.~Srivathsan},
  title = 	 {Data and Computational Grid with Portal Front-end for Aerodynamic Analysis},
  OPTkey = 	 {},
  month = 	 {February},
  year = 	 {2007},
  note = {Proposal submitted to Aeronautical Development Agency, Bangalore},
  OPTannote = 	 {},
  pdf  =         {../proposals/2007-ada.pdf}
}

@Misc{wilson-talk-2008,
  OPTkey = 	 {},
  author = 	 {Greg Wilson},
  title = 	 {{H}igh Performance Computing Considered Harmful,  or, What Will Really Improve Scientific Computing?},
  howpublished = {\url{http://www.stsci.edu/institute/itsd/information/streaming}},
  OPTmonth = 	 {},
  year = 	 {2008},
  note = 	 {Audio web cast},
  OPTannote = 	 {}
}




@Book{mathematical-people-1985,
  ALTauthor = 	 {},
  editor = 	 {Donald J. Albers and G. L. Alexanderson},
  title = 	 {Mathematical People},
  publisher = 	 {Birkhauser},
  year = 	 {1985},
  OPTkey = 	 {},
  OPTvolume = 	 {},
  OPTnumber = 	 {},
  OPTseries = 	 {},
  OPTaddress = 	 {},
  OPTedition = 	 {},
  OPTmonth = 	 {},
  OPTnote = 	 {},
  OPTannote = 	 {}
}

@Article{wilson-american-scientist-2006,
  author = 	 {Gregory V. Wilson},
  title = 	 {Where's the real bottleneck in scientific computing?},
  journal = 	 {American Scientist},
  year = 	 {2006},
  OPTkey = 	 {},
  volume = 	 {94},
  number = 	 {1},
  OPTpages = 	 {},
  month = 	 {January-February},
  note = 	 {\url{http://www.americanscientist.org/issues/pub/wheres-the-real-bottleneck-in-scientific-computing} last visited 2008-10-12},
  OPTannote = 	 {}
}

@Misc{pantoto-2008,
  OPTkey = 	 {},
  author = 	 {T B Dinesh},
  title = 	 {Pantoto Open Source Content Management System},
  howpublished = {\url{code.google.com/p/pantoto-lite}},
  OPTmonth = 	 {},
  year = 	 {2008},
  note = 	 {last visited 2008-10-12},
  OPTannote = 	 {}
}

@inproceedings{ findler02contracts,
  author = "Robert Bruce Findler and Matthias Felleisen",
  title = "Contracts for Higher-Order Functions",
  booktitle = "Int'l Conf. on Functional Programming (ICFP'02)",
  pages = {48--59},
  year = {2002},
  month = oct,
  url = {citeseer.ist.psu.edu/findler02contracts.html} }


@Book{jackson-2006-alloy,
  author = 	 {Daniel Jackson},
  ALTeditor = 	 {},
  title = 	 {{S}oftware {A}bstractions: {L}ogic, {L}anguage and {A}nalysis},
  publisher = 	 {MIT Press},
  year = 	 {2006},
  OPTkey = 	 {},
  OPTvolume = 	 {},
  OPTnumber = 	 {},
  OPTseries = 	 {},
  OPTaddress = 	 {},
  OPTedition = 	 {},
  OPTmonth = 	 {},
  OPTnote = 	 {},
  OPTannote = 	 {}
}

@Misc{choppella-courses,
  OPTkey = 	 {},
  OPTauthor = 	 {},
  OPTtitle = 	 {},
  howpublished = {\url{http://www.iiitmk.ac.in/~choppell/teaching/index.html}},
  OPTmonth = 	 {},
  OPTyear = 	 {},
  note = 	 {Venkatesh Choppella's teaching page},
  OPTannote = 	 {}
}

@Misc{scpd,
  OPTkey = 	 {},
  OPTauthor = 	 {},
  title = 	 {Stanford {C}entre for {P}rofessional {D}evelopment},
  howpublished = {\url{http://scpd.stanford.edu/}},
  OPTmonth = 	 {},
  OPTyear = 	 {},
  OPTnote = 	 {},
  OPTannote = 	 {}
}

@Book{sicp,
  author = 	 {Harold Abelson and Gerald Jay Sussman},
  ALTeditor = 	 {},
  title = 	 {Structure and {I}nterpretation of {C}omputer {P}rograms},
  publisher = 	 {MIT Press},
  year = 	 {1996},
  OPTkey = 	 {},
  OPTvolume = 	 {},
  OPTnumber = 	 {},
  OPTseries = 	 {},
  OPTaddress = 	 {},
  edition = 	 {2nd},
  OPTmonth = 	 {},
  note = 	 {\url{http://www.mitpress.org/sicp}},
  OPTannote = 	 {}
}

@Book{eopl,
  author = 	 {Daniel P. Friedman and Mitchell Wand and Christoper T. Haynes},
  ALTeditor = 	 {},
  title = 	 {Essentials of Programming Languages},
  publisher = 	 {MIT Press},
  year = 	 {2001},
  OPTkey = 	 {},
  OPTvolume = 	 {},
  OPTnumber = 	 {},
  OPTseries = 	 {},
  OPTaddress = 	 {},
  edition = 	 {2nd},
  OPTmonth = 	 {},
  note = 	 {\url{http://www.cs.indiana.edu/eopl/}},
  OPTannote = 	 {}
}


@Book{htdp,
  author = 	 {Felleisen and Findler and Flatt and Krishnamurthi},
  ALTeditor = 	 {},
  title = 	 {How to Design Programs},
  publisher = 	 {MIT Press},
  year = 	 {2001},
  OPTkey = 	 {},
  OPTvolume = 	 {},
  OPTnumber = 	 {},
  OPTseries = 	 {},
  OPTaddress = 	 {},
  OPTedition = 	 {},
  OPTmonth = 	 {},
  note = 	 {\url{http://www.htdp.org}},
  OPTannote = 	 {}
}

@Misc{venk-google-talk-2008,
  OPTkey = 	 {},
  OPTauthor = 	 {},
  title = 	 {Reinventing {P}rogramming {E}ducation in the {W}eb 2.0 {E}ra},
  howpublished = {\url{http://www.iiitmk.ac.in/~choppell/talks/pop/talk.html}},
  month = 	 {July},
  year = 	 {2008},
  note = 	 {Talk delivered at Google R\&D Bangalore},
  OPTannote = 	 {}
}

@Article{denning-cacm-2003,
  author = 	 {Peter J. Denning},
  title = 	 {Great Principles of Computing},
  journal = 	 {Communications of the ACM},
  year = 	 {2003},
  OPTkey = 	 {},
  volume = 	 {46},
  number = 	 {11},
  pages = 	 {15--20},
  OPTmonth = 	 {},
  OPTnote = 	 {},
  OPTannote = 	 {}
}

@Misc{janastu-website,
  OPTkey = 	 {},
  OPTauthor = 	 {},
  title = 	 {Janastu -- let it be people},
  howpublished = {\url{http://www.janastu.org}},
  OPTmonth = 	 {},
  OPTyear = 	 {},
  note = 	 {last visited October 2008},
  OPTannote = 	 {}
}


@Book{nature-of-mathematical-modeling-book-1994,
  author = 	 {Neil Gerschenfeld},
  ALTeditor = 	 {},
  title = 	 {The {N}ature of {M}athematical {M}odeling},
  publisher = 	 {Cambridge University Press},
  year = 	 {1994},
  OPTkey = 	 {},
  OPTvolume = 	 {},
  OPTnumber = 	 {},
  OPTseries = 	 {},
  OPTaddress = 	 {},
  OPTedition = 	 {},
  OPTmonth = 	 {},
  OPTnote = 	 {},
  OPTannote = 	 {}
}


@Book{numerical-recipes-book-2007,
  author = 	 {William Press and Saul Teukolsky and William Vetterling and Brian Flannery},
  ALTeditor = 	 {},
  title = 	 {Numerical {R}ecipes: the {A}rt of {S}cientific {C}omputing},
  publisher = 	 {Cambridge University Press},
  year = 	 {2007},
  OPTkey = 	 {},
  OPTvolume = 	 {},
  OPTnumber = 	 {},
  OPTseries = 	 {},
  OPTaddress = 	 {},
  edition = 	 {3rd},
  OPTmonth = 	 {},
  OPTnote = 	 {},
  OPTannote = 	 {}
}



@Misc{eureca-2008,
  OPTkey = 	 {},
  OPTauthor = 	 {},
  title = 	 {Eurpean Research and Educational Collaboration with Asia (EURECA)},
  howpublished = {\url{http://www.mrtc.mdh.se/eureca/}},
  OPTmonth = 	 {},
  year = 	 {2008},
  OPTnote = 	 {},
  OPTannote = 	 {}
}

