@Misc{2022-ficloud-submitted,
keywords = {submitted, remote-triggered-labs, virtual-labs, educational-technology},
author = 	 {K.S. Viswanadh and Om Kathalkar and Piyusha Vinzey and Nitin
                  Nilesh and Sachin Chaudhari and Venkatesh Choppella},
  ALTeditor = 	 {},
  title = 		 {CV and IoT-based Remote Triggered Labs: Use Case of Conservation of Mechanical Energy},
  year = 	 {2022},
  ALTdate = 	 {},
  OPTkey = 		 {},
  OPTsubtitle =  {},
  OPTtitleaddon = {},
  OPTlanguage =  {},
  OPThowpublished = {},
  OPTtype = 	 {},
  OPTversion = 	 {},
  OPTnote = 	 {},
  OPTorganization = {},
  OPTlocation =  {},
  OPTdate = 	 {},
  OPTmonth = 	 {},
  OPTyear = 	 {},
  OPTaddendum =  {},
  OPTpubstate =  {},
  OPTdoi = 		 {},
  OPTeprint = 	 {},
  OPTeprintclass = {},
  OPTeprinttype = {},
  OPTurl = 		 {},
  OPTurldate = 	 {},
  annote = 	 {submitted to the The 9th International Conference on
                  Future Internet of Things and Cloud (FiCloud 2022)},
  pdf= {papers/2022-ficloud-submitted.pdf}
}

