@Thesis{2020-sai-phd,
  keywords =     {phd-thesis, expected, web-accessibility},
  author = 		 {Gollapudi VJR Sai Prasad},
  title = 		 {{Semantic Style Sheets}},
  type = 		 {PhD (expected)},
  institution =  {{IIIT}},
  year = 	 {2020},
  ALTdate = 	 {},
  OPTkey = 		 {},
  OPTsubtitle =  {},
  OPTtitleaddon = {},
  OPTlanguage =  {},
  OPTnote = 	 {},
  OPTlocation =  {},
  OPTmonth = 	 {},
  OPTisbn = 	 {},
  OPTchapter = 	 {},
  OPTpages = 	 {},
  OPTpagetotal = {},
  OPTaddendum =  {},
  OPTpubstate =  {},
  OPTdoi = 		 {},
  OPTeprint = 	 {},
  OPTeprintclass = {},
  OPTeprinttype = {},
  OPTurl = 		 {},
  OPTurldate = 	 {},
  OPTnote = {Expected},
  OPTannote = 	 {}
}

@Thesis{2022-kumar-phd,
  keywords =     {phd-thesis, expected, cs-ed, pedagogy, virtual-labs},
  author = 		 {Mrityunjay Kumar},
  title = 		 {{A Systems based approach to teaching Algorithms}},
  type = 		 {PhD (expected)},
  institution =  {{IIIT}},
  year = 	 {2022},
  ALTdate = 	 {},
  OPTkey = 		 {},
  OPTsubtitle =  {},
  OPTtitleaddon = {},
  OPTlanguage =  {},
  OPTnote = 	 {},
  OPTlocation =  {},
  OPTmonth = 	 {},
  OPTisbn = 	 {},
  OPTchapter = 	 {},
  OPTpages = 	 {},
  OPTpagetotal = {},
  OPTaddendum =  {},
  OPTpubstate =  {},
  OPTdoi = 		 {},
  OPTeprint = 	 {},
  OPTeprintclass = {},
  OPTeprinttype = {},
  OPTurl = 		 {},
  OPTurldate = 	 {},
  OPTnote = {Expected},
  OPTannote = 	 {}
}

@Thesis{2022-banerjee-phd,
  keywords =     {phd-thesis, expected, sw-engg},
  author = 		 {Amar Banerjee},
  title = 		 {{Knowledge-based Approach to synthesis of Control Software}},
  type = 		 {PhD (expected)},
  institution =  {{IIIT}},
  year = 	 {2022},
  ALTdate = 	 {},
  OPTkey = 		 {},
  OPTsubtitle =  {},
  OPTtitleaddon = {},
  OPTlanguage =  {},
  OPTnote = 	 {},
  OPTlocation =  {},
  OPTmonth = 	 {},
  OPTisbn = 	 {},
  OPTchapter = 	 {},
  OPTpages = 	 {},
  OPTpagetotal = {},
  OPTaddendum =  {},
  OPTpubstate =  {},
  OPTdoi = 		 {},
  OPTeprint = 	 {},
  OPTeprintclass = {},
  OPTeprinttype = {},
  OPTurl = 		 {},
  OPTurldate = 	 {},
  OPTnote = {Expected},
  OPTannote = 	 {}
}


@Thesis{2021-krutam-ms,
  keywords = {ms-thesis, expected, virtual-labs},
  author = 		 {Krutam Hathi},
  title = 		 {{Performance improvement of Virtual Lab experiments}},
  type = 		 {MS Dual Degree (Expected)},
  institution =  {{IIIT}},
  year = 	 {2021},
  ALTdate = 	 {},
  OPTkey = 		 {},
  OPTsubtitle =  {},
  OPTtitleaddon = {},
  OPTlanguage =  {},
  OPTnote = 	 {},
  OPTlocation =  {},
  OPTmonth = 	 {},
  OPTisbn = 	 {},
  OPTchapter = 	 {},
  OPTpages = 	 {},
  OPTpagetotal = {},
  OPTaddendum =  {},
  OPTpubstate =  {},
  OPTdoi = 		 {},
  OPTeprint = 	 {},
  OPTeprintclass = {},
  OPTeprinttype = {},
  OPTurl = 		 {},
  OPTurldate = 	 {},
  OPTnote = {Expected},
  OPTannote = 	 {}
}

@Thesis{2020-arjun-sanjeev-ms,
  keywords = {ms-thesis, expected, concurrency},
  author = 		 {Arjun Sanjeev},
  title = 		 {{Feedback Control Approach to Concurrency}},
  type = 		 {MS Dual Degree (Expected)},
  institution =  {{IIIT}},
  year = 	 {2020},
  ALTdate = 	 {},
  OPTkey = 		 {},
  OPTsubtitle =  {},
  OPTtitleaddon = {},
  OPTlanguage =  {},
  OPTnote = 	 {},
  OPTlocation =  {},
  OPTmonth = 	 {},
  OPTisbn = 	 {},
  OPTchapter = 	 {},
  OPTpages = 	 {},
  OPTpagetotal = {},
  OPTaddendum =  {},
  OPTpubstate =  {},
  OPTdoi = 		 {},
  OPTeprint = 	 {},
  OPTeprintclass = {},
  OPTeprinttype = {},
  OPTurl = 		 {},
  OPTurldate = 	 {},
  OPTnote = {Expected},
  OPTannote = 	 {Expected}
}



@Thesis{2020-soumya-ms,
  keywords = {ms-thesis, expected, web-accessibility},
  author = 		 {Soumya Saraswathi Maddala},
  title = 		 {{Ontology-driven Renarration of Web pages}},
  type = 		 {MS (Expected)},
  institution =  {{IIIT}},
  year = 	 {2020},
  ALTdate = 	 {},
  OPTkey = 		 {},
  OPTsubtitle =  {},
  OPTtitleaddon = {},
  OPTlanguage =  {},
  OPTnote = 	 {},
  OPTlocation =  {},
  OPTmonth = 	 {},
  OPTisbn = 	 {},
  OPTchapter = 	 {},
  OPTpages = 	 {},
  OPTpagetotal = {},
  OPTaddendum =  {},
  OPTpubstate =  {},
  OPTdoi = 		 {},
  OPTeprint = 	 {},
  OPTeprintclass = {},
  OPTeprinttype = {},
  OPTurl = 		 {},
  OPTurldate = 	 {},
  OPTnote = {Expected},
  OPTannote = 	 {}
}





@Thesis{2023-joshi-ms,
  keywords = {ms-thesis, expected, virtual-labs},
  author = 		 {Bharathi Ramana Joshi},
  title = 		 {{Type Inference for Programming Languages}},
  type = 		 {MS Dual Degree (Expected)},
  institution =  {{IIIT}},
  year = 	 {2023},
  ALTdate = 	 {},
  OPTkey = 		 {},
  OPTsubtitle =  {},
  OPTtitleaddon = {},
  OPTlanguage =  {},
  OPTnote = 	 {},
  OPTlocation =  {},
  OPTmonth = 	 {},
  OPTisbn = 	 {},
  OPTchapter = 	 {},
  OPTpages = 	 {},
  OPTpagetotal = {},
  OPTaddendum =  {},
  OPTpubstate =  {},
  OPTdoi = 		 {},
  OPTeprint = 	 {},
  OPTeprintclass = {},
  OPTeprinttype = {},
  OPTurl = 		 {},
  OPTurldate = 	 {},
  OPTnote = {Expected},
  OPTannote = 	 {}
}


@Thesis{2019-singla-ms-thesis,
  keywords =     {ms-thesis, graduated, model-checking},
  author = 		 {Adhish Singla},
  title = 		 {{Scalable Distributed Safety Verification using Actor Architecture}},
  type = 		 {Masters},
  institution =  {{IIIT}},
  year = 	 {2019},
  ALTdate = 	 {},
  OPTkey = 		 {},
  OPTsubtitle =  {},
  OPTtitleaddon = {},
  OPTlanguage =  {},
  note = 	 {Co-advisor. Principal advisor:  Suresh Purini},
  OPTlocation =  {},
  month = 	 {December},
  OPTisbn = 	 {},
  OPTchapter = 	 {},
  OPTpages = 	 {},
  OPTpagetotal = {},
  OPTaddendum =  {},
  OPTpubstate =  {},
  OPTdoi = 		 {},
  OPTeprint = 	 {},
  OPTeprintclass = {},
  OPTeprinttype = {},
  OPTurl = 		 {},
  OPTurldate = 	 {},
  OPTnote = {Expected},
  OPTannote = 	 {}
}


@Thesis{2018-agarwall-ms-thesis,
  keywords =     {ms-thesis, graduated, web-security},
  author = 		 {Akash Agarwall},
  title = 		 {{Application, Modelling and Implementation of CORP}},
  type = 		 {Masters},
  institution =  {{IIIT}},
  year = 	 {2018},
  ALTdate = 	 {},
  OPTkey = 		 {},
  OPTsubtitle =  {},
  OPTtitleaddon = {},
  OPTlanguage =  {},
  OPTnote = 	 {},
  OPTlocation =  {},
  month = 	 {April},
  OPTisbn = 	 {},
  OPTchapter = 	 {},
  OPTpages = 	 {},
  OPTpagetotal = {},
  OPTaddendum =  {},
  OPTpubstate =  {},
  OPTdoi = 		 {},
  OPTeprint = 	 {},
  OPTeprintclass = {},
  OPTeprinttype = {},
  OPTurl = 		 {},
  OPTurldate = 	 {},
  OPTnote = {Expected},
  OPTannote = 	 {}
}


@Thesis{2016-telikicharla-ms-thesis,
  keywords =     {ms-thesis, graduated, web-security},
  author = 		 {Krisha Chaitanya Telikicherla},
  title = 		 {{Mitigating Web-borne Security Threats by
    Enhancing Browser Security Policies}},
  type = 		 {Masters},
  institution =  {{IIIT}},
  year = 	 {2016},
  ALTdate = 	 {},
  OPTkey = 		 {},
  OPTsubtitle =  {},
  OPTtitleaddon = {},
  OPTlanguage =  {},
  OPTnote = 	 {},
  OPTlocation =  {},
  month = 	 {May},
  OPTisbn = 	 {},
  OPTchapter = 	 {},
  OPTpages = 	 {},
  OPTpagetotal = {},
  OPTaddendum =  {},
  OPTpubstate =  {},
  OPTdoi = 		 {},
  OPTeprint = 	 {},
  OPTeprintclass = {},
  OPTeprinttype = {},
  OPTurl = 		 {},
  OPTurldate = 	 {},
  OPTnote = {Expected},
  OPTannote = 	 {}
}


@Thesis{2016-goel-ms-thesis,
  keywords =     {ms-thesis, graduated, workflows, sw-engg, prog-lang},
  author = 		 {Ankur Goel},
  title = 		 {{Specification and Modelling of Workflow
    Management Systems with State Based Access Control}},
  type = 		 {Masters},
  institution =  {{IIIT}},
  year = 	 {2016},
  ALTdate = 	 {},
  OPTkey = 		 {},
  OPTsubtitle =  {},
  OPTtitleaddon = {},
  OPTlanguage =  {},
  OPTnote = 	 {},
  OPTlocation =  {},
  month = 	 {April},
  OPTisbn = 	 {},
  OPTchapter = 	 {},
  OPTpages = 	 {},
  OPTpagetotal = {},
  OPTaddendum =  {},
  OPTpubstate =  {},
  OPTdoi = 		 {},
  OPTeprint = 	 {},
  OPTeprintclass = {},
  OPTeprinttype = {},
  OPTurl = 		 {},
  OPTurldate = 	 {},
  OPTnote = {Expected},
  OPTannote = 	 {}
}

@Thesis{2015-zade-ms-thesis,
  keywords =     {ms-thesis, graduated, hci, formal-methods},
  author = 		 {Himanshu Zade},
  title = 		 {{Evolution of Mental Models of Interactive
    Machines: A Formal Approach}},
  type = 		 {Masters},
  institution =  {{IIIT}},
  year = 	 {2015},
  ALTdate = 	 {},
  OPTkey = 		 {},
  OPTsubtitle =  {},
  OPTtitleaddon = {},
  OPTlanguage =  {},
  OPTnote = 	 {},
  OPTlocation =  {},
  month = 	 {April},
  OPTisbn = 	 {},
  OPTchapter = 	 {},
  OPTpages = 	 {},
  OPTpagetotal = {},
  OPTaddendum =  {},
  OPTpubstate =  {},
  OPTdoi = 		 {},
  OPTeprint = 	 {},
  OPTeprintclass = {},
  OPTeprinttype = {},
  OPTurl = 		 {},
  OPTurldate = 	 {},
  OPTnote = {Expected},
  OPTannote = 	 {}
}

@Thesis{2014-adimoolam-ms-thesis,
  keywords =     {ms-thesis, graduated, sw-engg, formal-methods},
  author = 		 {Santosh Arvind Adimoolam},
  title = 		 {{Automata based abstraction of interval assumptions
                  and bounded input linear systems for verification
                  and controller synthesis}},
  type = 		 {Masters},
  institution =  {{IIIT}},
  year = 	 {2014},
  ALTdate = 	 {},
  OPTkey = 		 {},
  OPTsubtitle =  {},
  OPTtitleaddon = {},
  OPTlanguage =  {},
  OPTnote = 	 {},
  OPTlocation =  {},
  month = 	 {September},
  OPTisbn = 	 {},
  OPTchapter = 	 {},
  OPTpages = 	 {},
  OPTpagetotal = {},
  OPTaddendum =  {},
  OPTpubstate =  {},
  OPTdoi = 		 {},
  OPTeprint = 	 {},
  OPTeprintclass = {},
  OPTeprinttype = {},
  OPTurl = 		 {},
  OPTurldate = 	 {},
  note = {Co-superivor: Viswanath Kasturi},
  OPTannote = 	 {}
}


@Thesis{2013-agrawal-ms-thesis,
  keywords =     {ms-thesis, graduated, web-accessibility, hci},
  author = 		 {Deepti Agrawal},
  title = 		 {{Exploring Crowdsourcing to Personalize Web Experiences}},
  type = 		 {Masters},
  institution =  {{IIIT}},
  year = 	 {2013},
  ALTdate = 	 {},
  OPTkey = 		 {},
  OPTsubtitle =  {},
  OPTtitleaddon = {},
  OPTlanguage =  {},
  OPTnote = 	 {},
  OPTlocation =  {},
  month = 	 {November},
  OPTisbn = 	 {},
  OPTchapter = 	 {},
  OPTpages = 	 {},
  OPTpagetotal = {},
  OPTaddendum =  {},
  OPTpubstate =  {},
  OPTdoi = 		 {},
  OPTeprint = 	 {},
  OPTeprintclass = {},
  OPTeprinttype = {},
  OPTurl = 		 {},
  OPTurldate = 	 {},
  note = {Main supervisor: Vasudeva Varma},
  OPTannote = 	 {}
}

