@Misc{2022-seds,
keywords={talk, recent, sw-engg, software-engineering},
  ALTauthor = 	 {},
  ALTeditor = 	 {},
  title = 		 {Qualities in Intelligent Systems -- Secure Software Engineering },
  year = 	     {2022},
  ALTdate = 	 {2022-02-12},
  OPTkey = 		 {},
  OPTsubtitle =  {},
  OPTtitleaddon = {},
  OPTlanguage =  {},
  howpublished = {Online course on Software Engineering for Data
                  Science (SEDS)},
  OPTtype = 	 {},
  OPTversion = 	 {},
  OPTnote = 	 {},
  organization = {conducted by IIIT Hyderabad},
  OPTlocation =  {},
  OPTdate = 	 {},
  OPTmonth = 	 {},
  OPTyear = 	 {},
  OPTaddendum =  {},
  OPTpubstate =  {},
  OPTdoi = 		 {},
  OPTeprint = 	 {},
  OPTeprintclass = {},
  OPTeprinttype = {},
  OPTurl = 		 {},
  OPTurldate = 	 {},
  OPTannote = 	 {}
}

@Misc{2021-algodynamics-utknd-ws,
keywords={talk, recent, algodynamics, workshop, ws},
ALTauthor = 	 {},
  ALTeditor = 	 {},
  title = 		 {2-day Workshop on Algodynamics},
  year = 	 {2021},
  ALTdate = 	 {2021-08-24},
  OPTkey = 		 {},
  OPTsubtitle =  {},
  OPTtitleaddon = {},
  OPTlanguage =  {},
  OPThowpublished = {},
  OPTtype = 	 {},
  OPTversion = 	 {},
  OPTnote = 	 {},
  organization = {Organized by CEMCA and Uttakhand Open University},
  OPTlocation =  {},
  OPTdate = 	 {},
  OPTmonth = 	 {},
  OPTyear = 	 {},
  OPTaddendum =  {},
  OPTpubstate =  {},
  OPTdoi = 		 {},
  OPTeprint = 	 {},
  OPTeprintclass = {},
  OPTeprinttype = {},
  OPTurl = 		 {},
  OPTurldate = 	 {},
  OPTannote = 	 {}
}

@Misc{2022-compute-algodynamics,
keywords={talk, recent, algodynamics, workshop, acm, compute, ws},
ALTauthor = 	 {},
  ALTeditor = 	 {},
  title = 		 {Algodynamics: Teaching Algorithms using Interactive Transition Systems},
  ALTyear = 	 {2020},
  date = 	 {2020-12-03},
  OPTkey = 		 {},
  OPTsubtitle =  {},
  OPTtitleaddon = {},
  OPTlanguage =  {},
  howpublished = {Pre ACM COMPUTE 2020 Workshop},
  OPTtype = 	 {},
  OPTversion = 	 {},
  OPTnote = 	 {},
  organization = {ACM India},
  location =  {online},
  OPTdate = 	 {},
  OPTmonth = 	 {},
  OPTyear = 	 {},
  OPTaddendum =  {},
  OPTpubstate =  {},
  OPTdoi = 		 {},
  OPTeprint = 	 {},
  OPTeprintclass = {},
  OPTeprinttype = {},
  url = 		 {http://www.acm-compute.in/2020/},
  urldate = 	 {},
  OPTannote = 	 {}
}


@Misc{2020-seri-tensor,
keywords={talk, recent, seri, compilers},
ALTauthor = 	 {},
  ALTeditor = 	 {},
  title = 		 {A small language for Tensor Combinations and its Type System (Work in Progress)},
  ALTyear = 	 {},
  date = 	 {2020-07-11},
  OPTkey = 		 {},
  OPTsubtitle =  {},
  OPTtitleaddon = {},
  OPTlanguage =  {},
  howpublished = {Software Engineering Research in India (SERI)},
  OPTtype = 	 {},
  OPTversion = 	 {},
  OPTnote = 	 {},
  OPTorganization = {},
  OPTlocation =  {},
  OPTdate = 	 {},
  OPTmonth = 	 {},
  OPTyear = 	 {},
  OPTaddendum =  {},
  OPTpubstate =  {},
  OPTdoi = 		 {},
  OPTeprint = 	 {},
  OPTeprintclass = {},
  OPTeprinttype = {},
  OPTurl = 		 {},
  OPTurldate = 	 {},
  OPTannote = 	 {}
}

@Misc{2020-vlabs-aktu-webinar,
  keywords  = {talk, invited-talk},
  ALTauthor = 	 {Venkatesh Choppella},
  ALTeditor = 	 {},
  title = 		 {Virtual Labs Development Tools},
  year = 	 {2020},
  date = 	 {2020-04-22},
  OPTkey = 		 {},
  OPTsubtitle =  {},
  OPTtitleaddon = {},
  OPTlanguage =  {},
  howpublished  = {\textbf{Invited Talk} at Webinar on Virtual Labs}, 
  OPTtype = 	 {},
  OPTversion = 	 {},
  OPTnote = 	 {},  
  organization = {{APJ Abdul Kalam Technical University, Lucknow}},
  location =  {},
  OPTmonth = 	 {},
  OPTyear = 	 {2020},
  OPTaddendum =  {},
  OPTpubstate =  {},
  OPTdoi = 		 {},
  OPTeprint = 	 {},
  OPTeprintclass = {},
  OPTeprinttype = {},
  OPTurl = 		 {},
  OPTurldate = 	 {},
  OPTnnote = 	 {}
}

@Misc{2020-se4uw-tension,
  keywords  = {talk, invited-talk},
  ALTauthor = 	 {Venkatesh Choppella},
  ALTeditor = 	 {},
  title = 		 {The Tension between Interaction and Automation},
  year = 	 {2020},
  date = 	 {2020-02-27},
  OPTkey = 		 {},
  OPTsubtitle =  {},
  OPTtitleaddon = {},
  OPTlanguage =  {},
  howpublished  = {\textbf{Invited Talk} at the 2nd Workshop on Software Engineering for an Uncertain World}, 
  OPTtype = 	 {},
  OPTversion = 	 {},
  note = 	 {Colocated with ACM Innovations in Software Engineering, 2020},  
  OPTorganization = {},
  location =  {Jabalpur, India},
  OPTmonth = 	 {},
  OPTyear = 	 {2020},
  OPTaddendum =  {},
  OPTpubstate =  {},
  OPTdoi = 		 {},
  OPTeprint = 	 {},
  OPTeprintclass = {},
  OPTeprinttype = {},
  OPTurl = 		 {},
  OPTurldate = 	 {},
  OPTnnote = 	 {}
}

@Misc{2020-wesee-vlabs,
  keywords  = {talk, invited-talk},
  ALTauthor = 	 {Venkatesh Choppella},
  ALTeditor = 	 {},
  title = 		 {Virtual Labs for Science and Engineering},
  OPTyear = 	 {2019},
  date = 	 {2020-02-27},
  OPTkey = 		 {},
  OPTsubtitle =  {\textbf{Invited Talk}},
  OPTtitleaddon = {},
  OPTlanguage =  {},
  howpublished  = {\textbf{Invited Talk} at the 3rd Workshop on Emerging Software Engineering Education}, 
  OPTtype = 	 {},
  OPTversion = 	 {},
  note = 	 {Colocated with ACM Innovations in Software Engineering, 2020},
  organization = {},
  location =  {Jabalpur, India},
  OPTmonth = 	 {},
  year = 	 {2020},
  OPTaddendum =  {},
  OPTpubstate =  {},
  OPTdoi = 		 {},
  OPTeprint = 	 {},
  OPTeprintclass = {},
  OPTeprinttype = {},
  OPTurl = 		 {},
  OPTurldate = 	 {},
  OPTannote = 	 {}
}


@Misc{2020-siemens-ic3,
  keywords  = {talk, invited-talk},
  ALTauthor = 	 {Venkatesh Choppella},
  ALTeditor = 	 {},
  title = 		 {Model Checking with the IC3 Algorithm: An introduction},
  OPTyear = 	 {2019},
  date = 	 {2020-02-07},
  OPTkey = 		 {},
  OPTsubtitle =  {},
  OPTtitleaddon = {},
  OPTlanguage =  {},
  howpublished  = {Talk given to at Siemens Corporate Technology Centre, Begaluru }, 
  OPTtype = 	 {},
  OPTversion = 	 {},
  OPTnote = 	 {},
  organization = {},
  location =  {Bengaluru, India},
  OPTmonth = 	 {},
  year = 	 {2020},
  OPTaddendum =  {},
  OPTpubstate =  {},
  OPTdoi = 		 {},
  OPTeprint = 	 {},
  OPTeprintclass = {},
  OPTeprinttype = {},
  OPTurl = 		 {},
  OPTurldate = 	 {},
  OPTannote = 	 {}
}



@Misc{2020-icdcit-panel,
  keywords  = {talk, panelist},
  ALTauthor = 	 {Venkatesh Choppella},
  ALTeditor = 	 {},
  title = 		 {Internet of Things: Challenges and opportunities from a distributed computing viewpoint},
  year = 	 {2020},
  date = 	 {2020-01-10},
  OPTkey = 		 {},
  OPTsubtitle =  {},
  OPTtitleaddon = {},
  OPTlanguage =  {},
  howpublished = {16th International Conference on
                  Distributed Computing and Internet Technology
                  (ICDCIT)},
  OPTtype = 	 {},
  OPTversion = 	 {},
  note = 	 {Panelist},
  OPTorganization = {},
  location =  {Bhubaneshwar, India},
  OPTdate = 	 {},
  OPTmonth = 	 {},
  OPTyear = 	 {},
  OPTaddendum =  {},
  OPTpubstate =  {},
  OPTdoi = 		 {},
  OPTeprint = 	 {},
  OPTeprintclass = {},
  OPTeprinttype = {},
  OPTurl = 		 {},
  OPTurldate = 	 {},
  OPTannote = 	 {}
}




@Misc{2019-thoughtworks-emacs,
  keywords  = {talk, invited-talk},
  ALTauthor = 	 {},
  ALTeditor = 	 {},
  title = 		 {Literate Programming in Emacs Org mode},
  OPTyear = 	 {2019},
  date = 	 {2019-11-08},
  OPTkey = 		 {},
  OPTsubtitle =  {},
  OPTtitleaddon = {},
  OPTlanguage =  {},
  howpublished = {Geeknights talk at Thoughtworks, Hyderabad},
  OPTtype = 	 {},
  OPTversion = 	 {},
  OPTnote = 	 {},
  OPTorganization = {},
  OPTlocation =  {},
  OPTdate = 	 {},
  OPTmonth = 	 {},
  OPTyear = 	 {},
  OPTaddendum =  {},
  OPTpubstate =  {},
  OPTdoi = 		 {},
  OPTeprint = 	 {},
  OPTeprintclass = {},
  OPTeprinttype = {},
  OPTurl = 		 {},
  OPTurldate = 	 {},
  OPTannote = 	 {}
}

@Misc{2019-manipal-rajaram,
  keywords  = {talk, invited-talk},
  ALTauthor = 	 {},
  ALTeditor = 	 {},
  title = 		 {Feedback Control Approach to Concurrency},
  OPTyear = 	 {2019},
  date = 	 {2019-07-24},
  OPTkey = 		 {},
  OPTsubtitle =  {},
  OPTtitleaddon = {},
  OPTlanguage =  {},
  howpublished = {Prof. Rajaram Memorial Lecture Series},
  OPTtype = 	 {},
  OPTversion = 	 {},
  note = 	 {{\bf Invited Talk} at Computer Science and Engineering Department, Manipal Institute of Technology},
  OPTorganization = {},
  location =  {Manipal, India},
  OPTdate = 	 {},
  OPTmonth = 	 {},
  OPTyear = 	 {},
  OPTaddendum =  {},
  OPTpubstate =  {},
  OPTdoi = 		 {},
  OPTeprint = 	 {},
  OPTeprintclass = {},
  OPTeprinttype = {},
  OPTurl = 		 {},
  OPTurldate = 	 {},
  OPTannote = 	 {}
}



@Misc{2019-isec-algodynamics,
  keywords  = {talk},
  ALTauthor = 	 {},
  ALTeditor = 	 {},
  title = 		 {Algodynamics: teaching algorithms as systems},
  OPTyear = 	 {2019},
  date = 	 {2019-02-14},
  OPTkey = 		 {},
  OPTsubtitle =  {},
  OPTtitleaddon = {},
  OPTlanguage =  {},
  OPThowpublished  = {ACM ISEC 2019 Workshop: Towards Adaptive Enterprises}, 
  OPTtype = 	 {},
  OPTversion = 	 {},
  note = 	 {\textbf{Invited Talk} at the ISEC 2019 Workshop: \emph{Towards
                  Adaptive Enterprises}.  Colocated with 2019
                  Innovations in Software Engineering},
  OPTorganization = {ISEC 2019 },
  location =  {Pune, India},
  OPTmonth = 	 {},
  year = 	 {2019},
  OPTaddendum =  {},
  OPTpubstate =  {},
  OPTdoi = 		 {},
  OPTeprint = 	 {},
  OPTeprintclass = {},
  OPTeprinttype = {},
  OPTurl = 		 {},
  OPTurldate = 	 {},
  OPTannote = 	 {}
}


@Misc{2018-rmll,
  keywords = {talk, literate-programming, literate},
  ALTauthor = 	 {},
  ALTeditor = 	 {},
  title = 		 {Literate Programming},
  ALTyear = 	 {},
  date = 	 {2018-07-08},
  OPTkey = 		 {},
  OPTsubtitle =  {},
  OPTtitleaddon = {},
  OPTlanguage =  {},
  howpublished = {RMLL 2018, University of Strasbourg, France},
  OPTtype = 	 {},
  OPTversion = 	 {},
  OPTnote = 	 {},
  OPTorganization = {},
  OPTlocation =  {},
  OPTdate = 	 {},
  OPTmonth = 	 {},
  OPTyear = 	 {},
  OPTaddendum =  {},
  OPTpubstate =  {},
  OPTdoi = 		 {},
  OPTeprint = 	 {},
  OPTeprintclass = {},
  OPTeprinttype = {},
  OPTurl = 		 {},
  OPTurldate = 	 {},
  OPTannote = 	 {}
}


@Misc{2018-bogazici,
  OPTkey = 		 {},
  keywords = {talk},
  OPTauthor = 	 {},
  title = 	 {Mitigating Web infiltration attacks using the
      Cross Origin Request Policy},
  howpublished = {Bogazici University, Istanbul, Turkey},
  OPTmonth = 	 {},
  date = 	 {2018-07-05},
  OPTnote = 	 {},
  OPTannote = 	 {}
}


@Misc{2018-trddc,
  OPTkey = 		 {},
  keywords = {talk},
  OPTauthor = 	 {},
  title = 	 {Mitigating Web infiltration attacks using the
      Cross Origin Request Policy},
  howpublished = {Tata Research Design and Development Centre, Pune},
  OPTmonth = 	 {},
  date = 	 {2018-05-21},
  OPTnote = 	 {},
  OPTannote = 	 {}
}

@Misc{2018-01-08-amrita,
  keywords = {talk, ext, concurrency, feedback},
  ALTauthor = 	 {},
  ALTeditor = 	 {},
  title = 		 {Concurrency Control as Feedback Control},
  ALTyear = 	 {},
  date = 	 {2018-01-08},
  OPTkey = 		 {},
  OPTsubtitle =  {},
  OPTtitleaddon = {},
  OPTlanguage =  {},
  howpublished = {Research Seminar at Amrita Vishwa Vidya Peetham, Kollam, Kerala},
  OPTtype = 	 {},
  OPTversion = 	 {},
  OPTnote = 	 {},
  OPTorganization = {},
  OPTlocation =  {},
  OPTmonth = 	 {},
  OPTyear = 	 {},
  OPTaddendum =  {},
  OPTpubstate =  {},
  OPTdoi = 		 {},
  OPTeprint = 	 {},
  OPTeprintclass = {},
  OPTeprinttype = {},
  OPTurl = 		 {},
  OPTurldate = 	 {},
  OPTannote = 	 {}
}



@Misc{2017-drdo-cep,
  keywords = {talk, formal-methods, software-engineering},
  ALTauthor = 	 {},
  ALTeditor = 	 {},
  title = 		 {Combining formal and informal methods for building safe software},
  ALTyear = 	 {},
  date = 	 {2017-06-14},
  OPTkey = 		 {},
  OPTsubtitle =  {},
  OPTtitleaddon = {},
  OPTlanguage =  {},
  howpublished = {},
  event = {RCI CEP workshop on Towards Zero-defect software through re-use and Model Driven Development},
  OPTtype = 	 {},
  OPTversion = 	 {},
  OPTnote = 	 {},
  organization = {RCI, DRDO},
  location =  {Hyderabad, India},
  OPTdate = 	 {},
  OPTmonth = 	 {},
  OPTyear = 	 {},
  OPTaddendum =  {},
  OPTpubstate =  {},
  OPTdoi = 		 {},
  OPTeprint = 	 {},
  OPTeprintclass = {},
  OPTeprinttype = {},
  OPTurl = 		 {},
  OPTurldate = 	 {},
  OPTannote = 	 {}
}

@Misc{2017-thoughtworks-literate,
  keywords = {talk, literate-programming, org-mode},
  ALTauthor = 	 {},
  ALTeditor = 	 {},
  title = 		 {Literate Programming with Emacs Org-mode},
  ALTyear = 	 {},
  date = 	 {2017-05-12},
  OPTkey = 		 {},
  OPTsubtitle =  {},
  OPTtitleaddon = {},
  OPTlanguage =  {},
  howpublished = {Thoughtworks Bangalore},
  OPTtype = 	 {},
  OPTversion = 	 {},
  OPTnote = 	 {},
  OPTorganization = {Thoughtworks},
  OPTlocation =  {Thoughtworks, Bangalore},
  OPTdate = 	 {12},
  OPTmonth = 	 {05},
  OPTyear = 	 {2017},
  OPTaddendum =  {},
  OPTpubstate =  {},
  OPTdoi = 		 {},
  OPTeprint = 	 {},
  OPTeprintclass = {},
  OPTeprinttype = {},
  OPTurl = 		 {},
  OPTurldate = 	 {},
  OPTannote = 	 {}
}



@Misc{2016-ieee-functional-prog,
  keywords = {talk, functional-programming, racket},
  ALTauthor = 	 {},
  ALTeditor = 	 {},
  title = 		 {Functional Programming in Racket: Programs as Data},
  ALTyear = 	 {},
  OPTkey = 		 {},
  OPTsubtitle =  {},
  OPTtitleaddon = {},
  OPTlanguage =  {},
  howpublished = {IEEE Hyderabad Section, TCS Deccan Park, Hyderabad},
  OPTtype = 	 {},
  OPTversion = 	 {},
  OPTnote = 	 {},
  OPTorganization = {IEEE Hyderabad Section},
  OPTlocation =  {TCS Deccan Park, Hyderabad},
  date = 	 {2016-05-27},
  OPTmonth = 	 {5},
  OPTyear = 	 {},
  OPTaddendum =  {},
  OPTpubstate =  {},
  OPTdoi = 		 {},
  OPTeprint = 	 {},
  OPTeprintclass = {},
  OPTeprinttype = {},
  OPTurl = 		 {},
  OPTurldate = 	 {},
  OPTannote = 	 {}
}


@Misc{2016-drdo-hqr,
  keywords = {talk, formal-methods, software-engineering},
  ALTauthor = 	 {},
  ALTeditor = 	 {},
  title = 		 {Applying Formal Methods to engineering Software Systems : A practitioner's view},
  ALTyear = 	 {},
  date = 	 {2016-03-06},
  OPTkey = 		 {},
  OPTsubtitle =  {},
  OPTtitleaddon = {},
  OPTlanguage =  {},
  howpublished = {},
  event = {Presentation to Associate Director SAMC},
  OPTtype = 	 {},
  OPTversion = 	 {},
  OPTnote = 	 {},
  organization = {DRDO},
  location =  {New Delhi, India},
  OPTdate = 	 {},
  OPTmonth = 	 {},
  OPTyear = 	 {},
  OPTaddendum =  {},
  OPTpubstate =  {},
  OPTdoi = 		 {},
  OPTeprint = 	 {},
  OPTeprintclass = {},
  OPTeprinttype = {},
  OPTurl = 		 {},
  OPTurldate = 	 {},
  OPTannote = 	 {}
}


@Misc{2017-drdo-ws,
  keywords = {ws, talk, workshop, educational-technology, sw-engg},
  ALTauthor = 	 {},
  ALTeditor = 	 {},
  title = 		 {Literate Programming and Version control},
  year = 	 {2017},
  ALTdate = 	 {},
  OPTkey = 		 {},
  subtitle =  {3 day workshop to Software Engineers},
  OPTtitleaddon = {},
  OPTlanguage =  {},
  OPThowpublished = {},
  OPTtype = 	 {},
  OPTversion = 	 {},
  OPTnote = 	 {},
  organization = {Defence Research and Development Organization (DRDO)
                  Govt. of India.  Research Centre Imarat (RCI)},
  location =  {Hyderabad},
  OPTdate = 	 {},
  month = 	 {July},
  OPTyear = 	 {},
  OPTaddendum =  {},
  OPTpubstate =  {},
  OPTdoi = 		 {},
  OPTeprint = 	 {},
  OPTeprintclass = {},
  OPTeprinttype = {},
  OPTurl = 		 {},
  OPTurldate = 	 {},
  OPTannote = 	 {}
}

@Misc{2017-solan-ws,
  keywords = {ws, talk, workshop, educational-technology, sw-engg},
  ALTauthor = 	 {},
  ALTeditor = 	 {},
  title = 		 {Virtual Labs on College Cloud},
  year = 	 {2017},
  ALTdate = 	 {},
  OPTkey = 		 {},
  subtitle =  {3 day workshop},
  OPTtitleaddon = {},
  OPTlanguage =  {},
  OPThowpublished = {},
  OPTtype = 	 {},
  OPTversion = 	 {},
  OPTnote = 	 {},
  organization = {Jaypee University of Information Technology, Solan},
  location =  {Himachal Pradesh, India},
  OPTdate = 	 {},
  month = 	 {May},
  OPTyear = 	 {},
  OPTaddendum =  {},
  OPTpubstate =  {},
  OPTdoi = 		 {},
  OPTeprint = 	 {},
  OPTeprintclass = {},
  OPTeprinttype = {},
  OPTurl = 		 {},
  OPTurldate = 	 {},
  OPTannote = 	 {}
}




@Misc{2014-goa-ws,
  keywords = {ws, talk, workshop, cs-ed, algodynamics},
  ALTauthor = 	 {},
  ALTeditor = 	 {},
  title = 		 {Dynamical Systems, Automata and Functional Programming},
  year = 	 {2014},
  ALTdate = 	 {},
  OPTkey = 		 {},
  subtitle =  {2-day short course for College Teachers},
  OPTtitleaddon = {},
  OPTlanguage =  {},
  OPThowpublished = {},
  OPTtype = 	 {},
  OPTversion = 	 {},
  OPTnote = 	 {},
  organization = {Academic Staff College},
  location =  {Goa Univerersity, Goa},
  OPTdate = 	 {},
  OPTmonth = 	 {},
  OPTyear = 	 {},
  OPTaddendum =  {},
  OPTpubstate =  {},
  OPTdoi = 		 {},
  OPTeprint = 	 {},
  OPTeprintclass = {},
  OPTeprinttype = {},
  OPTurl = 		 {},
  OPTurldate = 	 {},
  OPTannote = 	 {}
}




@Misc{2013-vignan-jyothi-ws,
  keywords = {ws, talk, workshop, cs-ed, mapcode},
  ALTauthor = 	 {},
  ALTeditor = 	 {},
  title = 		 {Mapcode and Computer Problem Solving},
  year = 	 {2013},
  ALTdate = 	 {},
  OPTkey = 		 {},
  subtitle =  {3 day short course for College Teachers},
  OPTtitleaddon = {},
  OPTlanguage =  {},
  OPThowpublished = {},
  OPTtype = 	 {},
  OPTversion = 	 {},
  OPTnote = 	 {},
  organization = {VNR Vignan Jyothi College},
  location =  {Hyderabad, India},
  OPTdate = 	 {},
  month = 	 {May},
  OPTyear = 	 {},
  OPTaddendum =  {},
  OPTpubstate =  {},
  OPTdoi = 		 {},
  OPTeprint = 	 {},
  OPTeprintclass = {},
  OPTeprinttype = {},
  OPTurl = 		 {},
  OPTurldate = 	 {},
  annote = 	 {with Kesav V Nori and  K Viswanath}
}





@Misc{2010-pop-ws,
  keywords = {ws, talk, workshop, cs-ed, mapcode},
  ALTauthor = 	 {},
  ALTeditor = 	 {},
  title = 		 {Principles of Programming for Web 2.0},
  year = 	 {2010},
  ALTdate = 	 {},
  OPTkey = 		 {},
  subtitle =  {2-week summer school for college teachers},
  OPTtitleaddon = {},
  OPTlanguage =  {},
  OPThowpublished = {},
  OPTtype = 	 {},
  OPTversion = 	 {},
  OPTnote = 	 {},
  OPTorganization = {},
  location =  {IIIT Hyderabad},
  OPTdate = 	 {},
  month = 	 {May},
  OPTyear = 	 {},
  OPTaddendum =  {},
  OPTpubstate =  {},
  OPTdoi = 		 {},
  OPTeprint = 	 {},
  OPTeprintclass = {},
  OPTeprinttype = {},
  OPTurl = 		 {},
  OPTurldate = 	 {},
  annote = 	 {with T B Dinesh}
}



@Misc{2008-ppv-ws,
  keywords = {ws, talk, workshop, verification},
  ALTauthor = 	 {},
  ALTeditor = 	 {},
  title = 		 {Verification in the PVS theorem prover},
  year = 	 {2008},
  ALTdate = 	 {},
  OPTkey = 		 {},
  subtitle =  {Practical Program Verification: 4 day short course
                  under the Tata Excellence in Computer Science (TECS)
                  Programme},
  OPTtitleaddon = {},
  OPTlanguage =  {},
  OPThowpublished = {},
  OPTtype = 	 {},
  OPTversion = 	 {},
  OPTnote = 	 {},
  OPTorganization = {},
  location =  {TCS Hyderabad, India},
  OPTdate = 	 {},
  month = 	 {February},
  OPTyear = 	 {},
  OPTaddendum =  {},
  OPTpubstate =  {},
  OPTdoi = 		 {},
  OPTeprint = 	 {},
  OPTeprintclass = {},
  OPTeprinttype = {},
  OPTurl = 		 {},
  OPTurldate = 	 {},
  OPTannote = 	 {}
}




@Misc{2006-aop-tut,
  keywords = {ws, talk, tutorial, aop},
  ALTauthor = 	 {},
  ALTeditor = 	 {},
  title = 		 {One-day tutorial on Aspect-Oriented Programming and JML},
  ALTyear = 	 {2006},
  date = 	 {2006-07-26},
  OPTkey = 		 {},
  OPTsubtitle =  {},
  OPTtitleaddon = {},
  OPTlanguage =  {},
  howpublished = {Frontiers in Computing Practice Series},
  OPTtype = 	 {},
  OPTversion = 	 {},
  OPTnote = 	 {},
  organization = {IEEE Kerala},
  location =  {Trivandrum, India},
  OPTdate = 	 {},
  OPTmonth = 	 {},
  OPTyear = 	 {},
  OPTaddendum =  {},
  OPTpubstate =  {},
  OPTdoi = 		 {},
  OPTeprint = 	 {},
  OPTeprintclass = {},
  OPTeprinttype = {},
  OPTurl = 		 {},
  OPTurldate = 	 {},
  annote = 	 {with Satish Babu}
}




@Misc{2005-aop-tut,
  keywords = {ws, talk, tutorial, aop},
  ALTauthor = 	 {},
  ALTeditor = 	 {},
  title = 		 {Introduction to Aspect-Oriented Design and Programming},
  ALTyear = 	 {},
  date = 	 {2005-12-14},
  OPTkey = 		 {},
  OPTsubtitle =  {},
  OPTtitleaddon = {},
  OPTlanguage =  {},
  howpublished = {\textbf{Invited Tutorial} at the 13th International
                  Conference on Advanced Computing and Communications},
  OPTtype = 	 {},
  OPTversion = 	 {},
  OPTnote = 	 {},
  OPTorganization = {},
  location =  {Coimbatore, India},
  OPTdate = 	 {},
  OPTmonth = 	 {},
  OPTyear = 	 {},
  OPTaddendum =  {},
  OPTpubstate =  {},
  OPTdoi = 		 {},
  OPTeprint = 	 {},
  OPTeprintclass = {},
  OPTeprinttype = {},
  OPTurl = 		 {},
  OPTurldate = 	 {},
  annote = 	 {with Anurag Mendhekar}
}

