@Misc{banerjee-et-al-sms-2020,
  keywords = {wip, control, se, mapping-study},
  author = 	 {Amar Banerjee and Venkatesh Choppella and Subhrojyoti
                  Roy Chaudhuri and N. Swaminathan},
  ALTeditor = 	 {},
  title = 		 {Control Software Engineering: A systematic mapping study},
  year = 	 {2020},
  ALTdate = 	 {},
  OPTkey = 		 {},
  OPTsubtitle =  {},
  OPTtitleaddon = {},
  OPTlanguage =  {},
  howpublished = {},
  OPTtype = 	 {},
  OPTversion = 	 {},
  note = 	 {Journal Submission.  In preparation.},
  OPTorganization = {},
  OPTlocation =  {},
  OPTdate = 	 {},
  OPTmonth = 	 {},
  OPTyear = 	 {},
  OPTaddendum =  {},
  OPTpubstate =  {},
  OPTdoi = 		 {},
  OPTeprint = 	 {},
  OPTeprintclass = {},
  OPTeprinttype = {},
  OPTurl = 		 {},
  OPTurldate = 	 {},
  OPTannote = 	 {}
}

@Misc{banerjee-et-al-control-verification-2019,
  keywords = {wip, control, se, verification, formal-methods},
  author = 	 {Amar Banerjee and Venkatesh Choppella and Raghu Reddy},
  ALTeditor = 	 {},
  title = 		 {An approach to automate continuous verification in
                  control software against explicated design
                  intentions},
  year = 	 {2020},
  ALTdate = 	 {},
  OPTkey = 		 {},
  OPTsubtitle =  {},
  OPTtitleaddon = {},
  OPTlanguage =  {},
  howpublished = {Conference Submission.  In preparation.},
  OPTtype = 	 {},
  OPTversion = 	 {},
  OPTnote = 	 {},
  OPTorganization = {},
  OPTlocation =  {},
  OPTdate = 	 {},
  OPTmonth = 	 {},
  OPTyear = 	 {},
  OPTaddendum =  {},
  OPTpubstate =  {},
  OPTdoi = 		 {},
  OPTeprint = 	 {},
  OPTeprintclass = {},
  OPTeprinttype = {},
  OPTurl = 		 {},
  OPTurldate = 	 {},
  OPTannote = 	 {}
}


@Misc{2019-conc-feedback-choppella-et-al,
  keywords = {wip, feedback, concurrency},
  author = 	 {Venkatesh Choppella and Arjun Sanjeev and Viswanath
                  Kasturi and Bharat Jayaraman},
  ALTeditor = 	 {},
  title = 		 {Feedback control approach to concurrency},
  year = 	 {2020},
  ALTdate = 	 {},
  OPTkey = 		 {},
  OPTsubtitle =  {},
  OPTtitleaddon = {},
  OPTlanguage =  {},
  OPThowpublished = {},
  OPTtype = 	 {},
  OPTversion = 	 {},
  note = 	 {Journal Submission.  In preparation},
  OPTorganization = {},
  OPTlocation =  {},
  OPTdate = 	 {},
  OPTmonth = 	 {},
  OPTyear = 	 {},
  OPTaddendum =  {},
  OPTpubstate =  {},
  OPTdoi = 		 {},
  OPTeprint = 	 {},
  OPTeprintclass = {},
  OPTeprinttype = {},
  OPTurl = 		 {},
  OPTurldate = 	 {},
  OPTannote = 	 {}
}

@Misc{2019-algodynamics-choppella-viswanath,
  keywords = {wip, algodynamics, cs-ed},
  author = 	 {Venkatesh Choppella and Viswanath Kasturi},
  ALTeditor = 	 {},
  title = 		 {Algodynamics: Algorithms as Systems},
  year = 	 {2020},
  ALTdate = 	 {},
  OPTkey = 		 {},
  OPTsubtitle =  {},
  OPTtitleaddon = {},
  OPTlanguage =  {},
  OPThowpublished = {},
  OPTtype = 	 {},
  OPTversion = 	 {},
  note = 	 {\textbf{Book}.  In preparation},
  OPTorganization = {},
  OPTlocation =  {},
  OPTdate = 	 {},
  OPTmonth = 	 {},
  OPTyear = 	 {},
  OPTaddendum =  {},
  OPTpubstate =  {},
  OPTdoi = 		 {},
  OPTeprint = 	 {},
  OPTeprintclass = {},
  OPTeprinttype = {},
  OPTurl = 		 {},
  OPTurldate = 	 {},
  OPTannote = 	 {}
}


@Misc{banerjee-et-al-rm-2020,
  keywords = {wip, control, software-engineering, research-methods},
  author = 	 {Amar Banerjee and Venkatesh Choppella and Subhrojyoti
                  Roy Chaudhuri and N. Swaminathan},
  ALTeditor = 	 {},
  title = 		 {Understanding the challenges in building control
                  software engineering},
  year = 	 {2020},
  ALTdate = 	 {},
  OPTkey = 		 {},
  OPTsubtitle =  {},
  OPTtitleaddon = {},
  OPTlanguage =  {},
  OPThowpublished = {},
  OPTtype = 	 {},
  OPTversion = 	 {},
  note = 	 {Conference Submission.  In preparation.},
  OPTorganization = {},
  OPTlocation =  {},
  OPTdate = 	 {},
  OPTmonth = 	 {},
  OPTyear = 	 {},
  OPTaddendum =  {},
  OPTpubstate =  {},
  OPTdoi = 		 {},
  OPTeprint = 	 {},
  OPTeprintclass = {},
  OPTeprinttype = {},
  OPTurl = 		 {},
  OPTurldate = 	 {},
  OPTannote = 	 {}
}
