@inproceedings{roy2019methodology,
  keywords={ws-paper, sw-engg, dsl},
  title={Methodology to develop domain specific modeling languages},
  author={Subhrojyoti Roy Chaudhuri and Natarajan Swaminathan and Amar Banerjee and Venkatesh Choppella},
  booktitle={Proceedings of the 17th ACM SIGPLAN International Workshop on Domain-Specific Modeling},
  pages={1--10},
  year={2019},
  organization={ACM}
}
