@Misc{2019-algodynamics-ws,
  keywords  = {ws, workshop},
  ALTauthor = 	 {},
  ALTeditor = 	 {},
  title = 		 {Algodynamics Approach to Teaching Algorithms},
  OPTyear = 	 {2019},
  date = 	 {2019-11-09},
  OPTkey = 		 {},
  OPTsubtitle =  {},
  OPTtitleaddon = {},
  OPTlanguage =  {},
  howpublished = {Faculty Development Programme},
  OPTtype = 	 {},
  OPTversion = 	 {},
  note = 	 {1-day Workshop},
  organization = {IEEE},
  location =  {Hyderabad, India},
  OPTdate = 	 {},
  OPTmonth = 	 {},
  OPTyear = 	 {},
  OPTaddendum =  {},
  OPTpubstate =  {},
  OPTdoi = 		 {},
  OPTeprint = 	 {},
  OPTeprintclass = {},
  OPTeprinttype = {},
  OPTurl = 		 {},
  OPTurldate = 	 {},
  OPTannote = 	 {}
}


@Misc{2019-may-broadridge,
  keywords  = {ws, workshop, industry-workshop},
  ALTauthor = 	 {},
  ALTeditor = 	 {},
  title = 		 {{Advanced Certificate Programme in Software Engineering Trends}},
  OPTyear = 	 {2019},
  date = 	 {2019-05-10},
  OPTkey = 		 {},
  OPTsubtitle =  {},
  OPTtitleaddon = {},
  OPTlanguage =  {},
  OPThowpublished = {},
  OPTtype = 	 {},
  OPTversion = 	 {},
  note = 	 {7 week Workshop.  Lead Faculty.},
  OPTorganization = {},
  location =  {IIIT Hyderabad, India},
  OPTdate = 	 {},
  OPTmonth = 	 {},
  OPTyear = 	 {},
  OPTaddendum =  {},
  OPTpubstate =  {},
  OPTdoi = 		 {},
  OPTeprint = 	 {},
  OPTeprintclass = {},
  OPTeprinttype = {},
  OPTurl = 		 {},
  OPTurldate = 	 {},
  OPTannote = 	 {}
}



@Misc{2019-may-srip,
  keywords = {ws, srip, virtual-labs},
  ALTauthor = 	 {},
  ALTeditor = 	 {},
  title = 		 {Student Remote Internship Programme},
  ALTyear = 	 {},
  date = 	 {2019-05-13},
  OPTkey = 		 {},
  OPTsubtitle =  {},
  OPTtitleaddon = {},
  OPTlanguage =  {},
  OPThowpublished = {Workshop},
  OPTtype = 	 {},
  OPTversion = 	 {},
  note = 	 {Organizer},
  organization = {SERC and Virtual Labs},
  location =  {IIIT Hyderabad},
  OPTdate = 	 {},
  OPTmonth = 	 {},
  OPTyear = 	 {},
  OPTaddendum =  {},
  OPTpubstate =  {},
  OPTdoi = 		 {},
  OPTeprint = 	 {},
  OPTeprintclass = {},
  OPTeprinttype = {},
  OPTurl = 		 {},
  OPTurldate = 	 {},
  OPTannote = 	 {}
}


@Misc{2019-mar-vlabs,
  keywords = {ws, virtual-labs},
  ALTauthor = 	 {},
  ALTeditor = 	 {},
  title = 		 {{Workshop on  Virtual Labs}},
  ALTyear = 	 {},
  date = 	 {2019-03-26},
  OPTkey = 		 {},
  OPTsubtitle =  {},
  OPTtitleaddon = {},
  OPTlanguage =  {},
  OPThowpublished = {Workshop},
  OPTtype = 	 {},
  OPTversion = 	 {},
  note = 	 {{Inaugural Speaker}},
  OPTorganization = {SERC and Virtual Labs},
  location =  {IIT Bhilai},
  OPTdate = 	 {},
  OPTmonth = 	 {},
  OPTyear = 	 {},
  OPTaddendum =  {},
  OPTpubstate =  {},
  OPTdoi = 		 {},
  OPTeprint = 	 {},
  OPTeprintclass = {},
  OPTeprinttype = {},
  OPTurl = 		 {},
  OPTurldate = 	 {},
  OPTannote = 	 {}
}

@Misc{2018-dec-stanns,
  keywords = {ws, virtual-labs},
  ALTauthor = 	 {},
  ALTeditor = 	 {},
  title = 		 {Faculty Development Programme},
  ALTyear = 	 {},
  date = 	 {2018-12-18},
  OPTkey = 		 {},
  OPTsubtitle =  {},
  OPTtitleaddon = {},
  OPTlanguage =  {},
  OPThowpublished = {Workshop},
  OPTtype = 	 {},
  OPTversion = 	 {},
  note = 	 {Keynote Address},
  OPTorganization = {SERC and Virtual Labs},
  location =  {St. Ann's College, Hyderabad},
  OPTdate = 	 {},
  OPTmonth = 	 {},
  OPTyear = 	 {},
  OPTaddendum =  {},
  OPTpubstate =  {},
  OPTdoi = 		 {},
  OPTeprint = 	 {},
  OPTeprintclass = {},
  OPTeprinttype = {},
  OPTurl = 		 {},
  OPTurldate = 	 {},
  OPTannote = 	 {}
}



@Misc{2018-sat-smt-ws,
  keywords  = {ws, workshop, school},
  ALTauthor = 	 {},
  ALTeditor = 	 {},
  title = 		 {3rd Indian SAT+SMT School},
  OPTyear = 	 {2019},
  date = 	 {2018-12-06},
  OPTkey = 		 {},
  OPTsubtitle =  {},
  OPTtitleaddon = {},
  OPTlanguage =  {},
  OPThowpublished = {},
  OPTtype = 	 {},
  OPTversion = 	 {},
  note = 	 {3-day Workshop.  Organizer.},
  organization = {ACM India},
  location =  {IIIT Hyderabad, India},
  OPTdate = 	 {},
  OPTmonth = 	 {},
  OPTyear = 	 {},
  OPTaddendum =  {},
  OPTpubstate =  {},
  OPTdoi = 		 {},
  OPTeprint = 	 {},
  OPTeprintclass = {},
  OPTeprinttype = {},
  OPTurl = 		 {},
  OPTurldate = 	 {},
  OPTannote = 	 {}
}


@Misc{2017-drdo-git,
  keywords = {ws, ed-tech},
  ALTauthor = 	 {},
  ALTeditor = 	 {},
  title = 		 {Introduction to the Git Version Control System},
  ALTyear = 	 {},
  date = 	 {2017-07-24},
  OPTkey = 		 {},
  OPTsubtitle =  {},
  OPTtitleaddon = {},
  OPTlanguage =  {},
  howpublished = {CEP Short Course},
  OPTtype = 	 {},
  OPTversion = 	 {},
  note = 	 {Main Workshop Resource Person},
  organization = {RCI, DRDO},
  location =  {RCI, Hyderabad},
  OPTdate = 	 {},
  OPTmonth = 	 {},
  OPTyear = 	 {},
  OPTaddendum =  {},
  OPTpubstate =  {},
  OPTdoi = 		 {},
  OPTeprint = 	 {},
  OPTeprintclass = {},
  OPTeprinttype = {},
  OPTurl = 		 {},
  OPTurldate = 	 {},
  OPTannote = 	 {24th-26th July 2017}
}

@Misc{2016-insig,
  keywords = {ws, egov},
  ALTauthor = 	 {},
  ALTeditor = 	 {},
  title = 		 {First Indian School on Internet Governance},
  ALTyear = 	 {},
  date = 	 {2016-31-10},
  OPTkey = 		 {},
  OPTsubtitle =  {},
  OPTtitleaddon = {},
  OPTlanguage =  {},
  OPThowpublished = {},
  OPTtype = 	 {},
  OPTversion = 	 {},
  note = 	 {Organizer},
  OPTorganization = {RCI, DRDO},
  location =  {IIIT Hyderabad},
  OPTdate = 	 {},
  OPTmonth = 	 {},
  OPTyear = 	 {},
  OPTaddendum =  {},
  OPTpubstate =  {},
  OPTdoi = 		 {},
  OPTeprint = 	 {},
  OPTeprintclass = {},
  OPTeprinttype = {},
  OPTurl = 		 {},
  OPTurldate = 	 {},
  OPTannote = 	 {31st Oct-2nd Nov 2016}
}




